<record><leader>00000cas a22000007a 4500</leader><controlfield tag="001">15088845</controlfield><controlfield tag="008">870120d1925199upauwr ne      0   a0eng d</controlfield><datafield ind1=" " ind2=" " tag="010"><subfield code="a">sn 87079899 </subfield></datafield><datafield ind1=" " ind2=" " tag="040"><subfield code="a">NPH</subfield><subfield code="b">eng</subfield><subfield code="c">NPH</subfield><subfield code="d">NSD</subfield><subfield code="d">OCLCQ</subfield></datafield><datafield ind1=" " ind2=" " tag="012"><subfield code="j">0</subfield><subfield code="m">d</subfield></datafield><datafield ind1="1" ind2=" " tag="022"><subfield code="a">1054-755X</subfield><subfield code="l">1054-755X</subfield><subfield code="y">8750-0248</subfield><subfield code="2">1</subfield></datafield><datafield ind1=" " ind2=" " tag="042"><subfield code="a">msc</subfield><subfield code="a">nsdp</subfield></datafield><datafield ind1=" " ind2="4" tag="222"><subfield code="a">The Brockway record</subfield></datafield><datafield ind1="0" ind2="4" tag="245"><subfield code="a">The Brockway record.</subfield></datafield><datafield ind1="1" ind2="3" tag="246"><subfield code="a">Brockwayville record</subfield></datafield><datafield ind1=" " ind2=" " tag="260"><subfield code="a">Brockway, Pa. :</subfield><subfield code="b">Brockwayville Pub. Co.,</subfield><subfield code="c">1925-</subfield></datafield><datafield ind1=" " ind2=" " tag="300"><subfield code="a">v. :</subfield><subfield code="b">ill. ;</subfield><subfield code="c">58 cm.</subfield></datafield><datafield ind1=" " ind2=" " tag="310"><subfield code="a">Weekly</subfield></datafield><datafield ind1="0" ind2=" " tag="362"><subfield code="a">Vol. 7, no. 27 (July 23, 1925)-</subfield></datafield><datafield ind1=" " ind2=" " tag="500"><subfield code="a">Publisher: Indiana Print. and Pub. Co., &lt;Sept. 13, 1973&gt;; Star Pub. Co., &lt;1987&gt;; American Pub. Co., &lt;Sept. 19, 1990-</subfield></datafield><datafield ind1=" " ind2=" " tag="500"><subfield code="a">Published in Reynoldsville, Pa. &lt;1987&gt;.</subfield></datafield><datafield ind1=" " ind2=" " tag="515"><subfield code="a">Suspended with June 28, 1973 issue; resumed with Sept. 13, 1973 issue.</subfield></datafield><datafield ind1=" " ind2=" " tag="588"><subfield code="a">Latest issue consulted: Sept. 19, 1990.</subfield></datafield><datafield ind1=" " ind2=" " tag="752"><subfield code="a">United States</subfield><subfield code="b">Pennsylvania</subfield><subfield code="c">Jefferson</subfield><subfield code="d">Brockway.</subfield></datafield><datafield ind1=" " ind2=" " tag="752"><subfield code="a">United States</subfield><subfield code="b">Pennsylvania</subfield><subfield code="c">Jefferson</subfield><subfield code="d">Reynoldsville.</subfield></datafield><datafield ind1="0" ind2="0" tag="780"><subfield code="t">Brockwayville record</subfield><subfield code="w">(DLC)sn 87078266</subfield></datafield><datafield ind1="0" ind2="0" tag="785"><subfield code="t">County neighbors (Punxsutawney, Pa.)</subfield><subfield code="x">1065-268X</subfield><subfield code="w">(DLC)sn 92003498</subfield><subfield code="w">(OCoLC)26562710</subfield></datafield></record>